@book{ JohnSchember,
    author_sort = "Schember, John",
    author = "John Schember",
    calibreid = "1",
    year = "2012",
    month = "Oct",
    publisher = "calibre",
    title = "Calibre Quick Start Guide",
    title_sort = "Calibre Quick Start Guide" }

@book{ DaviddeLaCroix,
    author_sort = "CROIX, DAVID DE LA \& MICHEL, PHILIPPE",
    author = "David de La Croix and Philippe Michel",
    calibreid = "2",
    isbn = "",
    year = "2002",
    month = "Nov",
    publisher = "Cambridge University Press",
    title = "A Theory of Economic Growth: Dynamics and Policy in Overlapping Generations",
    title_sort = "Theory of Economic Growth: Dynamics and Policy in Overlapping Generations, A" }

@book{ DavidRomer,
    author_sort = "Romer, David",
    author = "David Romer",
    calibreid = "3",
    isbn = "",
    year = "1997",
    month = "Jan",
    publisher = "McGraw-Hill/Irwin",
    title = "Advanced Macroeconomics",
    title_sort = "Advanced Macroeconomics" }

@book{ AndreuMas-Colell,
    author_sort = "Mas-Colell, Andreu \& Whinston, Michael D. \& Green, Jerry R.",
    author = "Andreu Mas-Colell and Michael D. Whinston and Jerry R. Green",
    calibreid = "4",
    isbn = "",
    year = "1995",
    month = "Jun",
    publisher = "Oxford University Press, USA",
    title = "Microeconomic Theory",
    title_sort = "Microeconomic Theory" }

@book{ KevinWainwright,
    author_sort = "Wainwright, Kevin \& Chiang, Alpha",
    author = "Kevin Wainwright and Alpha Chiang",
    calibreid = "5",
    isbn = "",
    year = "1967",
    month = "Jan",
    publisher = "McGraw-Hill",
    title = "Fundamental Methods of Mathematical Economics",
    title_sort = "Fundamental Methods of Mathematical Economics" }

@book{ HalR.Varian,
    author_sort = "Varian, Hal R. \& Varian, 3rd Edition \& Reviews, Cram101 Textbook",
    author = "Hal R. Varian and 3rd Edition Varian and Cram101 Textbook Reviews",
    calibreid = "6",
    isbn = "",
    year = "2006",
    month = "Oct",
    publisher = "Academic Internet Publishers Incorporated",
    title = "Microeconomic Analysis",
    title_sort = "Microeconomic Analysis" }

@book{ LarsLjungqvist,
    author_sort = "Ljungqvist, Lars \& Sargent, Thomas J.",
    author = "Lars Ljungqvist and Thomas J. Sargent",
    calibreid = "7",
    isbn = "",
    year = "2000",
    month = "Jan",
    publisher = "Mit Press",
    title = "Recursive MacRoeconomic Theory",
    title_sort = "Recursive MacRoeconomic Theory" }

@book{ AlfredoMedio,
    author_sort = "Medio, Alfredo \& Lines, Marji",
    author = "Alfredo Medio and Marji Lines",
    calibreid = "8",
    isbn = "",
    year = "2001",
    month = "Nov",
    publisher = "Cambridge University Press",
    title = "Nonlinear Dynamics: A Primer",
    title_sort = "Nonlinear Dynamics: A Primer" }

@book{ CarlE.Walsh,
    author_sort = "Walsh, Carl E.",
    author = "Carl E. Walsh",
    calibreid = "9",
    isbn = "",
    year = "1998",
    month = "Jan",
    publisher = "Mit Press",
    title = "Monetary Theory and Policy",
    title_sort = "Monetary Theory and Policy" }

@book{ L.P.Hansen,
    author_sort = "Hansen, L. P. \& Sargent, T. J. \& Turmuhambetova, G. \& Will",
    author = "L. P. Hansen and T. J. Sargent and G. Turmuhambetova and Will",
    calibreid = "10",
    year = "2006",
    month = "May",
    publisher = "Elsevier",
    title = "Robust Control and Model Misspecification",
    title_sort = "Robust Control and Model Misspecification" }

@book{ ThomasJ.Sargent,
    author_sort = "Sargent, Thomas J.",
    author = "Thomas J. Sargent",
    calibreid = "11",
    isbn = "",
    year = "1999",
    month = "Mar",
    publisher = "Princeton Univ Pr",
    title = "Recursive Linear Models of Dynamic Economies",
    title_sort = "Recursive Linear Models of Dynamic Economies" }

@book{ DaronAcemoglu,
    author_sort = "Acemoglu, Daron",
    author = "Daron Acemoglu",
    calibreid = "12",
    isbn = "",
    year = "2009",
    month = "Jan",
    publisher = "Princeton University Press",
    title = "Introduction to Modern Economic Growth",
    title_sort = "Introduction to Modern Economic Growth" }

@book{ AdamBobrowski,
    author_sort = "Bobrowski, Adam",
    author = "Adam Bobrowski",
    calibreid = "13",
    isbn = "",
    year = "2005",
    month = "Sep",
    publisher = "Cambridge University Press",
    title = "Functional Analysis for Probability and Stochastic Processes: An Introduction",
    title_sort = "Functional Analysis for Probability and Stochastic Processes: An Introduction" }

@book{ WalterRudin,
    author_sort = "Rudin, Walter",
    author = "Walter Rudin",
    calibreid = "14",
    isbn = "",
    year = "1991",
    month = "Jan",
    publisher = "McGraw-Hill",
    title = "Functional Analysis",
    title_sort = "Functional Analysis" }

@book{ WalterRudin,
    author_sort = "Rudin, Walter",
    author = "Walter Rudin",
    calibreid = "15",
    isbn = "",
    year = "1962",
    month = "Jan",
    publisher = "John Wiley \& Sons",
    title = "Fourier Analysis on Groups",
    title_sort = "Fourier Analysis on Groups" }

@book{ A.Ya.Khinchin,
    author_sort = "Khinchin, A. Ya. \& Mathematics",
    author = "A. Ya. Khinchin and Mathematics",
    calibreid = "17",
    isbn = "",
    year = "1957",
    month = "Jun",
    publisher = "Dover Publications",
    title = "Mathematical Foundations of Information Theory",
    title_sort = "Mathematical Foundations of Information Theory" }

@book{ CharalambosD.Aliprantis,
    author_sort = "Aliprantis, Charalambos D. \& Border, Kim C.",
    author = "Charalambos D. Aliprantis and Kim C. Border",
    calibreid = "19",
    isbn = "",
    year = "1994",
    month = "Jan",
    publisher = "Springer",
    title = "Infinite Dimensional Analysis: A Hitchhiker's Guide",
    title_sort = "Infinite Dimensional Analysis: A Hitchhiker's Guide" }

@book{ JohnStachurski,
    author_sort = "Stachurski, John",
    author = "John Stachurski",
    calibreid = "20",
    isbn = "",
    year = "2009",
    month = "Jan",
    publisher = "The MIT Press",
    title = "Economic Dynamics: Theory and Computation",
    title_sort = "Economic Dynamics: Theory and Computation" }

@book{ BonaMiklos,
    author_sort = "Miklos, Bona",
    author = "Bona Miklos",
    calibreid = "21",
    year = "2012",
    month = "Oct",
    publisher = "Walter Rudin Series in Advanced Mathematics",
    title = "Introduction to Enumerative Combinatorics",
    title_sort = "Rudin[]Introduction to Enumerative Combinatorics" }

@book{ MarstonMorse,
    author_sort = "Morse, Marston \& Cairns, Stewart S.",
    author = "Marston Morse and Stewart S. Cairns",
    calibreid = "22",
    isbn = "",
    year = "1969",
    month = "Feb",
    publisher = "Academic Press",
    title = "Critical Point Theory in Global Analysis and Differential Topology, Volume 33: An Introduction",
    title_sort = "Critical Point Theory in Global Analysis and Differential Topology, Volume 33: An Introduction" }

@book{ JohnWillardMilnor,
    author_sort = "Milnor, John Willard",
    author = "John Willard Milnor",
    calibreid = "23",
    year = "1958",
    month = "Oct",
    publisher = "Princeton University",
    title = "Differential Topology",
    title_sort = "Differential Topology" }

@book{ JohnWillardMilnor,
    author_sort = "Milnor, John Willard",
    author = "John Willard Milnor",
    calibreid = "24",
    isbn = "",
    year = "1997",
    month = "Nov",
    publisher = "Princeton University Press",
    title = "Topology From the Differentiable Viewpoint",
    title_sort = "Topology From the Differentiable Viewpoint" }

@book{ SiegfriedCarl,
    author_sort = "Carl, Siegfried \& Heikkilä, Seppo",
    author = "Siegfried Carl and Seppo Heikkilä",
    calibreid = "27",
    isbn = "",
    year = "2010",
    month = "Dec",
    publisher = "Springer",
    title = "Fixed Point Theory in Ordered Sets and Applications: From Differential and Integral Equations to Game Theory",
    title_sort = "Fixed Point Theory in Ordered Sets and Applications: From Differential and Integral Equations to Game Theory" }

@book{ AlfredTarski,
    author_sort = "Tarski, Alfred",
    author = "Alfred Tarski",
    calibreid = "28",
    year = "2012",
    month = "Oct",
    publisher = "Pacific Journal of Mathematics",
    title = "A lattice-theoretical fixpoint theorem and its applications",
    title_sort = "A lattice-theoretical fixpoint theorem and its applications" }

@book{ HalseyRoyden,
    author_sort = "Royden, Halsey \& Fitzpatrick, Patrick",
    author = "Halsey Royden and Patrick Fitzpatrick",
    calibreid = "35",
    isbn = "",
    year = "2010",
    month = "Jan",
    publisher = "Pearson Education",
    title = "Real Analysis, Books a La Carte Edition",
    title_sort = "Real Analysis, Books a La Carte Edition" }

@book{ AndrzejGranas,
    author_sort = "Granas, Andrzej \& Dugundji, James",
    author = "Andrzej Granas and James Dugundji",
    calibreid = "36",
    isbn = "",
    year = "2003",
    month = "Jun",
    publisher = "Springer",
    title = "Fixed Point Theory",
    title_sort = "Fixed Point Theory" }

@book{ AlexandreB.Tsybakov,
    author_sort = "Tsybakov, Alexandre B.",
    author = "Alexandre B. Tsybakov",
    calibreid = "38",
    isbn = "",
    year = "2009",
    month = "Jan",
    publisher = "Springer",
    title = "Introduction to Nonparametric Estimation",
    title_sort = "Introduction to Nonparametric Estimation" }

@book{ RyszardZieliński((matematyk).),
    author_sort = "Zieliński, Ryszard",
    author = "Ryszard Zieliński ((matematyk).)",
    calibreid = "39",
    isbn = "",
    year = "1990",
    month = "Oct",
    publisher = "Państwowe Wydawn. Naukowe",
    title = "Siedem Wykładów Wprowadzających Do Statystyki Matematycznej",
    title_sort = "Siedem Wykładów Wprowadzających Do Statystyki Matematycznej" }

@book{ WuYiHsiang,
    author_sort = "Hsiang, Wu Yi",
    author = "Wu Yi Hsiang",
    calibreid = "42",
    isbn = "",
    year = "1998",
    month = "Jan",
    publisher = "World Scientific",
    title = "Lectures on Lie Groups",
    title_sort = "Lectures on Lie Groups" }

@book{ HarryJ.Lipkin,
    author_sort = "Lipkin, Harry J. \& Physics",
    author = "Harry J. Lipkin and Physics",
    calibreid = "45",
    isbn = "",
    year = "2002",
    month = "Jul",
    publisher = "Dover Publications",
    title = "Lie Groups for Pedestrians",
    title_sort = "Lie Groups for Pedestrians" }

@book{ LawrenceC.Evans,
    author_sort = "Evans, Lawrence C. \& Gariepy, Ronald F.",
    author = "Lawrence C. Evans and Ronald F. Gariepy",
    calibreid = "46",
    isbn = "",
    year = "1992",
    month = "Feb",
    publisher = "CRC-Press",
    title = "Measure Theory and Fine Properties of Functions",
    title_sort = "Measure Theory and Fine Properties of Functions" }

@book{ VladimirI.Bogachev,
    author_sort = "Bogachev, Vladimir I.",
    author = "Vladimir I. Bogachev",
    calibreid = "47",
    isbn = "",
    year = "2007",
    month = "Jan",
    publisher = "Springer",
    title = "Measure Theory",
    title_sort = "Measure Theory" }

@book{ ManuelS.Santos,
    author_sort = "Santos, Manuel S.",
    author = "Manuel S. Santos",
    calibreid = "48",
    year = "2012",
    month = "Oct",
    publisher = "Econometrica",
    title = "Smoothness of the Policy Function in Discrete Time Economic Models",
    title_sort = "Smoothness of the Policy Function in Discrete Time Economic Models" }

@book{ A.Araujo,
    author_sort = "Araujo, A.",
    author = "A. Araujo",
    calibreid = "49",
    year = "2012",
    month = "Oct",
    publisher = "Econometrica",
    title = "The Once But Not Twice Differentiability of the Policy Function",
    title_sort = "Once But Not Twice Differentiability of the Policy Function, The" }

@book{ JürgenAppell,
    author_sort = "Appell, Jürgen \& Zabrejko, Petr P.",
    author = "Jürgen Appell and Petr P. Zabrejko",
    calibreid = "50",
    isbn = "",
    year = "1990",
    month = "Jan",
    publisher = "Cambridge University Press",
    title = "Nonlinear Superposition Operators",
    title_sort = "Nonlinear Superposition Operators" }

@book{ MITteam,
    author_sort = "MIT team",
    author = "MIT team",
    calibreid = "53",
    year = "2012",
    month = "Oct",
    publisher = "Mit Press",
    title = "Fredholm Operators",
    title_sort = "Fredholm Operators" }

@book{ MITteam,
    author_sort = "MIT team",
    author = "MIT team",
    calibreid = "54",
    year = "2012",
    month = "Oct",
    publisher = "Mit Press",
    title = "Parametric Transversality",
    title_sort = "Parametric Transversality" }

@book{ MITteam,
    author_sort = "MIT team",
    author = "MIT team",
    calibreid = "55",
    year = "2012",
    month = "Oct",
    publisher = "Mit Press",
    title = "Compact operators",
    title_sort = "Compact operators" }

@book{ JeanLeray,
    author_sort = "Leray, Jean \& Schauder, Jules",
    author = "Jean Leray and Jules Schauder",
    calibreid = "56",
    year = "1934",
    month = "Oct",
    publisher = "University of Tennessee, Department of Mathematics",
    title = "Topologie Et Équations Fonctionnelles",
    title_sort = "Topologie Et Équations Fonctionnelles" }

@book{ MordecaiAvriel,
    author_sort = "Avriel, Mordecai \& Diewert, Erwin \& Schaible, Siegfried \& Zang, Israel",
    author = "Mordecai Avriel and Erwin Diewert and Siegfried Schaible and Israel Zang",
    calibreid = "58",
    isbn = "",
    year = "1988",
    month = "Jan",
    publisher = "SIAM",
    title = "Generalized Concavity",
    title_sort = "Generalized Concavity" }

@book{ MITteam,
    author_sort = "MIT team",
    author = "MIT team",
    calibreid = "59",
    year = "2012",
    month = "Nov",
    publisher = "Mit Press",
    title = "Smale's Sard Theorem",
    title_sort = "Smale's Sard Theorem" }

@book{ МаркАлександровичКрасносельский,
    author_sort = "Красносельский, Марк Александрович \& Забрейко, Петр Петрович",
    author = "Марк Александрович Красносельский and Петр Петрович Забрейко",
    calibreid = "60",
    year = "1975",
    month = "Oct",
    publisher = "Наука",
    title = "Геометрические методы нелинейного анализа",
    title_sort = "Геометрические методы нелинейного анализа" }

@book{ JuhaHeinonen,
    author_sort = "Heinonen, Juha",
    author = "Juha Heinonen",
    calibreid = "62",
    isbn = "",
    year = "2005",
    month = "Oct",
    publisher = "Univ.",
    title = "Lectures on Lipschitz Analysis",
    title_sort = "Lectures on Lipschitz Analysis" }

@book{ R.K.Singh,
    author_sort = "Singh, R. K. \& Manhas, J. S.",
    author = "R. K. Singh and J. S. Manhas",
    calibreid = "63",
    isbn = "",
    year = "1993",
    month = "Nov",
    publisher = "Elsevier",
    title = "Composition Operators on Function Spaces",
    title_sort = "Composition Operators on Function Spaces" }

@book{ RaduPrecup,
    author_sort = "Radu Precup",
    author = "Radu Precup",
    calibreid = "64",
    year = "1995",
    month = "Nov",
    publisher = "Journal of the Juliusz Schauder Center",
    title = "A Granas type approach to some continuation theorems and periodic boundary value problems with impulses",
    title_sort = "A Granas type approach to some continuation theorems and periodic boundary value problems with impulses" }

@book{ DorotheeHaroske,
    author_sort = "Haroske, Dorothee \& Runst, Thomas \& Schmeisser, Hans-Jürgen",
    author = "Dorothee Haroske and Thomas Runst and Hans-Jürgen Schmeisser",
    calibreid = "65",
    isbn = "",
    year = "2003",
    month = "Apr",
    publisher = "Springer",
    title = "Function Spaces, Differential Operators and Nonlinear Analysis: The Hans Triebel Anniversary Volume",
    title_sort = "Function Spaces, Differential Operators and Nonlinear Analysis: The Hans Triebel Anniversary Volume" }

@book{ LaurentSchwartz,
    author_sort = "Schwartz, Laurent",
    author = "Laurent Schwartz",
    calibreid = "66",
    isbn = "",
    year = "1978",
    month = "Jan",
    publisher = "Hermann",
    title = "Théorie Des Distributions. Troisième Cycle Et Recherche",
    title_sort = "Théorie Des Distributions. Troisième Cycle Et Recherche" }

@book{ EduardoD.Sontag,
    author_sort = "Sontag, Eduardo D.",
    author = "Eduardo D. Sontag",
    calibreid = "69",
    isbn = "",
    year = "1990",
    month = "Jan",
    publisher = "Springer",
    title = "Mathematical Control Theory: Deterministic Finite Dimensional Systems",
    title_sort = "Mathematical Control Theory: Deterministic Finite Dimensional Systems" }

@book{ EdwardC.Titchmarsh,
    author_sort = "Titchmarsh, Edward C.",
    author = "Edward C. Titchmarsh",
    calibreid = "70",
    isbn = "",
    year = "1975",
    month = "Jan",
    publisher = "Oxford University Press, USA",
    title = "The Theory of Functions",
    title_sort = "Theory of Functions, The" }

@book{ H.L.Royden,
    author_sort = "Royden, H. L. \& Fitzpatrick, Patrick",
    author = "H. L. Royden and Patrick Fitzpatrick",
    calibreid = "71",
    isbn = "",
    year = "1968",
    month = "Jan",
    publisher = "Pearson",
    title = "Real Analysis",
    title_sort = "Real Analysis" }

@book{ WalterRudin,
    author_sort = "Rudin, Walter",
    author = "Walter Rudin",
    calibreid = "72",
    isbn = "",
    year = "1970",
    month = "Jan",
    publisher = "McGraw-Hill",
    title = "Real and Complex Analysis",
    title_sort = "Real and Complex Analysis" }

@book{ HerbertAmann,
    author_sort = "Amann, Herbert \& Escher, Joachim",
    author = "Herbert Amann and Joachim Escher",
    calibreid = "73",
    isbn = "",
    year = "1999",
    month = "Oct",
    publisher = "Birkhäuser",
    title = "Analysis II",
    title_sort = "Analysis II" }

@book{ HerbertAmann,
    author_sort = "Amann, Herbert \& Escher, Joachim",
    author = "Herbert Amann and Joachim Escher",
    calibreid = "74",
    isbn = "",
    year = "2008",
    month = "Jan",
    publisher = "Birkhäuser Basel",
    title = "Analysis III",
    title_sort = "Analysis III" }

@book{ HerbertAmann,
    author_sort = "Amann, Herbert \& Escher, Joachim",
    author = "Herbert Amann and Joachim Escher",
    calibreid = "75",
    isbn = "",
    year = "1998",
    month = "Jan",
    publisher = "Springer DE",
    title = "Analysis I",
    title_sort = "Analysis I" }

@book{ RalphAbraham,
    author_sort = "Abraham, Ralph \& Marsden, Jerrold E. \& Ratiu, Tudor",
    author = "Ralph Abraham and Jerrold E. Marsden and Tudor Ratiu",
    calibreid = "76",
    isbn = "",
    year = "1983",
    month = "Jan",
    publisher = "Springer",
    title = "Manifolds, Tensor Analysis, and Applications",
    title_sort = "Manifolds, Tensor Analysis, and Applications" }

@book{ MeiMichaelSpivakBianZhu,
    author_sort = "Zhu, Mei Michael Spivak Bian",
    author = "Mei Michael Spivak Bian Zhu",
    calibreid = "78",
    isbn = "",
    year = "2006",
    month = "Jan",
    publisher = "People Post",
    title = "Calculus on Manifolds",
    title_sort = "Calculus on Manifolds" }

@book{ V.I.Arnold,
    author_sort = "Arnold, V. I. \& Vogtmann, K. \& Weinstein, A.",
    author = "V. I. Arnold and K. Vogtmann and A. Weinstein",
    calibreid = "79",
    isbn = "",
    year = "2010",
    month = "Dec",
    publisher = "Springer",
    title = "Mathematical Methods of Classical Mechanics",
    title_sort = "Mathematical Methods of Classical Mechanics" }

@book{ MichaelSpivak,
    author_sort = "Spivak, Michael",
    author = "Michael Spivak",
    calibreid = "80",
    isbn = "",
    year = "1979",
    month = "Oct",
    publisher = "Publish or Perish, inc.",
    title = "A Comprehensive Introduction to Differential Geometry",
    title_sort = "Comprehensive Introduction to Differential Geometry, A" }

@book{ SergeLang,
    author_sort = "Lang, Serge",
    author = "Serge Lang",
    calibreid = "81",
    isbn = "",
    year = "1995",
    month = "Mar",
    publisher = "Springer",
    title = "Differential and Riemannian Manifolds",
    title_sort = "Differential and Riemannian Manifolds" }

@book{ LawrenceC.Evans,
    author_sort = "Evans, Lawrence C.",
    author = "Lawrence C. Evans",
    calibreid = "82",
    isbn = "",
    year = "2002",
    month = "Jan",
    publisher = "American Mathematical Soc.",
    title = "Partial Differential Equations",
    title_sort = "Partial Differential Equations" }

@book{ ValentinVladimirovichPetrov,
    author_sort = "Petrov, Valentin Vladimirovich",
    author = "Valentin Vladimirovich Petrov",
    calibreid = "84",
    isbn = "",
    year = "1975",
    month = "Oct",
    publisher = "Springer-Verlag",
    title = "Sums of Independent Random Variables",
    title_sort = "Sums of Independent Random Variables" }

@book{ YuriE.Gliklikh,
    author_sort = "Gliklikh, Yuri E.",
    author = "Yuri E. Gliklikh",
    calibreid = "85",
    isbn = "",
    year = "2010",
    month = "Dec",
    publisher = "Springer",
    title = "Global and Stochastic Analysis With Applications to Mathematical Physics",
    title_sort = "Global and Stochastic Analysis With Applications to Mathematical Physics" }

@book{ KiyosiIto,
    author_sort = "Ito, Kiyosi",
    author = "Kiyosi Ito",
    calibreid = "86",
    isbn = "",
    year = "1984",
    month = "Oct",
    publisher = "North Holland",
    title = "Stochastic Analysis",
    title_sort = "Stochastic Analysis" }

@book{ MichelLedoux,
    author_sort = "Ledoux, Michel \& Talagrand, Michel",
    author = "Michel Ledoux and Michel Talagrand",
    calibreid = "88",
    isbn = "",
    year = "1991",
    month = "Jan",
    publisher = "Springer",
    title = "Probability in Banach Spaces: Isoperimetry and Processes",
    title_sort = "Probability in Banach Spaces: Isoperimetry and Processes" }

@book{ IoannisKaratzas,
    author_sort = "Karatzas, Ioannis \& Shreve, Steven E.",
    author = "Ioannis Karatzas and Steven E. Shreve",
    calibreid = "89",
    isbn = "",
    year = "1988",
    month = "Jan",
    publisher = "Springer",
    title = "Brownian Motion and Stochastic Calculus",
    title_sort = "Brownian Motion and Stochastic Calculus" }

@book{ WlodzimierzBryc,
    author_sort = "Bryc, Wlodzimierz",
    author = "Wlodzimierz Bryc",
    calibreid = "91",
    isbn = "",
    year = "1995",
    month = "Mar",
    publisher = "Springer",
    title = "The Normal Distribution: Characterizations With Applications",
    title_sort = "Normal Distribution: Characterizations With Applications, The" }

@book{ DanielRevuz,
    author_sort = "Revuz, Daniel \& Yor, Marc",
    author = "Daniel Revuz and Marc Yor",
    calibreid = "92",
    isbn = "",
    year = "1991",
    month = "Jan",
    publisher = "Springer",
    title = "Continuous Martingales and Brownian Motion",
    title_sort = "Continuous Martingales and Brownian Motion" }

@book{ C.Foias,
    author_sort = "Foias, C. \& Manley, O. \& Rosa, R. \& Temam, R.",
    author = "C. Foias and O. Manley and R. Rosa and R. Temam",
    calibreid = "93",
    isbn = "",
    year = "2001",
    month = "Aug",
    publisher = "Cambridge University Press",
    title = "Navier-Stokes Equations and Turbulence",
    title_sort = "Navier-Stokes Equations and Turbulence" }

@book{ JackK.Hale,
    author_sort = "Hale, Jack K. \& Magalhaes, Luis T. \& Oliva, Waldyr",
    author = "Jack K. Hale and Luis T. Magalhaes and Waldyr Oliva",
    calibreid = "94",
    isbn = "",
    year = "2002",
    month = "Jul",
    publisher = "Springer",
    title = "Dynamics in Infinite Dimensions",
    title_sort = "Dynamics in Infinite Dimensions" }

@book{ PierreAlart,
    author_sort = "Alart, Pierre \& Maisonneuve, Olivier \& Rockafellar, R. Tyrrell",
    author = "Pierre Alart and Olivier Maisonneuve and R. Tyrrell Rockafellar",
    calibreid = "95",
    isbn = "",
    year = "2006",
    month = "Jan",
    publisher = "Springer",
    title = "Nonsmooth Mechanics and Analysis: Theoretical and Numerical Advances",
    title_sort = "Nonsmooth Mechanics and Analysis: Theoretical and Numerical Advances" }

@book{ RalphTyrellRockafellar,
    author_sort = "Rockafellar, Ralph Tyrell",
    author = "Ralph Tyrell Rockafellar",
    calibreid = "96",
    isbn = "",
    year = "1972",
    month = "Jan",
    publisher = "Princeton University Press",
    title = "Convex Analysis",
    title_sort = "Convex Analysis" }

@book{ I.M.Gelfand,
    author_sort = "Gelfand, I. M. \& Fomin, S. V.",
    author = "I. M. Gelfand and S. V. Fomin",
    calibreid = "97",
    isbn = "",
    year = "1963",
    month = "Jan",
    publisher = "Dover Publications",
    title = "Calculus of Variations",
    title_sort = "Calculus of Variations" }

@book{ R.TyrrellRockafellar,
    author_sort = "Rockafellar, R. Tyrrell \& Wets, Roger J.-B. \& Wets, Maria",
    author = "R. Tyrrell Rockafellar and Roger J.-B. Wets and Maria Wets",
    calibreid = "98",
    isbn = "",
    year = "2004",
    month = "Jan",
    publisher = "Springer",
    title = "Variational Analysis",
    title_sort = "Variational Analysis" }

@book{ AsenL.Dontchev,
    author_sort = "Dontchev, Asen L. \& Rockafellar, R. Tyrrell",
    author = "Asen L. Dontchev and R. Tyrrell Rockafellar",
    calibreid = "99",
    isbn = "",
    year = "2009",
    month = "Jan",
    publisher = "Springer",
    title = "Implicit Functions and Solution Mappings: A View From Variational Analysis",
    title_sort = "Implicit Functions and Solution Mappings: A View From Variational Analysis" }

@book{ ErichNovak,
    author_sort = "Novak, Erich \& Wozniakowski, Henryk",
    author = "Erich Novak and Henryk Wozniakowski",
    calibreid = "100",
    isbn = "",
    year = "2008",
    month = "Jun",
    publisher = "European Mathematical Society",
    title = "Tractability of Multivariate Problems: Linear Information",
    title_sort = "Tractability of Multivariate Problems: Linear Information" }

@book{ ErichNovak,
    author_sort = "Novak, Erich \& Wozniakowski, Henryk",
    author = "Erich Novak and Henryk Wozniakowski",
    calibreid = "101",
    isbn = "",
    year = "2010",
    month = "Jun",
    publisher = "European Mathematical Society",
    title = "Tractability of Multivariate Problems: Standard Information for Functionals",
    title_sort = "Tractability of Multivariate Problems: Standard Information for Functionals" }

@book{ IanH.SloanJosephF.Traub,
    author_sort = "Ian H. Sloan, Joseph F. Traub \& Novak, Henryk Wozniakowski Erich",
    author = "Ian H. Sloan, Joseph F. Traub and Henryk Wozniakowski Erich Novak",
    calibreid = "102",
    isbn = "",
    year = "2009",
    month = "Jun",
    publisher = "European Mathematical Society",
    title = "Essays on the Complexity of Continuous Problems",
    title_sort = "Essays on the Complexity of Continuous Problems" }

@book{ JamesDugundji,
    author_sort = "Dugundji, James",
    author = "James Dugundji",
    calibreid = "104",
    year = "1967",
    month = "Oct",
    publisher = "Allyn and Bacon",
    title = "Topology",
    title_sort = "Topology" }

@book{ N.Bourbaki,
    author_sort = "Bourbaki, N.",
    author = "N. Bourbaki",
    calibreid = "105",
    isbn = "",
    year = "1966",
    month = "Jan",
    publisher = "Springer",
    title = "Topologie Générale: Chapitres 5 à 10",
    title_sort = "Topologie Générale: Chapitres 5 à 10" }

@book{ K.D.Joshi,
    author_sort = "Joshi, K. D.",
    author = "K. D. Joshi",
    calibreid = "106",
    isbn = "",
    year = "1985",
    month = "Jan",
    publisher = "New Age International",
    title = "Introduction to General Topology",
    title_sort = "Introduction to General Topology" }

@book{ JanuszGórniak,
    author_sort = "Górniak, Janusz \& Pytlik, Tadeusz",
    author = "Janusz Górniak and Tadeusz Pytlik",
    calibreid = "110",
    year = "1992",
    month = "Oct",
    publisher = "Wydawn. Politechniki Wrocławskiej",
    title = "Analiza Funkcjonalna",
    title_sort = "Analiza Funkcjonalna W Zadaniach" }

@book{ GottfriedKöthe,
    author_sort = "Köthe, Gottfried \& Garling, D. J. H.",
    author = "Gottfried Köthe and D. J. H. Garling",
    calibreid = "112",
    isbn = "",
    year = "2012",
    month = "Jul",
    publisher = "Springer",
    title = "Topological Vector Spaces I",
    title_sort = "Topological Vector Spaces I" }

@book{ AvnerFriedman,
    author_sort = "Friedman, Avner \& Littman, Walter",
    author = "Avner Friedman and Walter Littman",
    calibreid = "114",
    isbn = "",
    year = "1993",
    month = "Jan",
    publisher = "SIAM",
    title = "Industrial Mathematics: A Course in Solving Real-World Problems",
    title_sort = "Industrial Mathematics: A Course in Solving Real-World Problems" }

@book{ TrevorHastie,
    author_sort = "Hastie, Trevor \& Tibshirani, Robert \& Friedman, Jerome",
    author = "Trevor Hastie and Robert Tibshirani and Jerome Friedman",
    calibreid = "115",
    isbn = "",
    year = "2009",
    month = "Feb",
    publisher = "Springer",
    title = "The Elements of Statistical Learning: Data Mining, Inference, and Prediction, Second Edition",
    title_sort = "Elements of Statistical Learning: Data Mining, Inference, and Prediction, Second Edition, The" }

@book{ N.D.Macheras,
    author_sort = "Macheras, N. D. \& Strauss, W.",
    author = "N. D. Macheras and W. Strauss",
    calibreid = "116",
    year = "1994",
    month = "Oct",
    publisher = "Fundamenta Mathematicae",
    title = "On strong liftings for projection limits",
    title_sort = "On strong liftings for projection limits" }

@book{ OliverKnill,
    author_sort = "Knill, Oliver",
    author = "Oliver Knill",
    calibreid = "120",
    isbn = "",
    year = "2009",
    month = "Aug",
    publisher = "Overseas Press",
    title = "Probability Theory and Stochastic Processes With Applications",
    title_sort = "Probability Theory and Stochastic Processes With Applications" }

@book{ RobertJ.Barro,
    author_sort = "Barro, Robert J. \& Sala-I-martin, Xavier I.",
    author = "Robert J. Barro and Xavier I. Sala-I-martin",
    calibreid = "121",
    isbn = "",
    year = "1995",
    month = "Jan",
    publisher = "Mit Press",
    title = "Economic Growth",
    title_sort = "Economic Growth" }

@book{ ShmuelOnn,
    author_sort = "Onn, Shmuel",
    author = "Shmuel Onn",
    calibreid = "122",
    isbn = "",
    year = "2010",
    month = "Sep",
    publisher = "European Mathematical Society",
    title = "Nonlinear Discrete Optimization",
    title_sort = "Nonlinear Discrete Optimization" }

@book{ KeirThomas,
    author_sort = "Thomas, Keir",
    author = "Keir Thomas",
    calibreid = "123",
    isbn = "",
    year = "2009",
    month = "Jan",
    publisher = "Ubuntu Pocket Guide",
    title = "Ubuntu Pocket Guide and Reference",
    title_sort = "Ubuntu Pocket Guide and Reference" }

@book{ RitaNugari,
    author_sort = "Nugari, Rita",
    author = "Rita Nugari",
    calibreid = "124",
    year = "2012",
    month = "Oct",
    publisher = "Commentationes Mathematicae",
    title = "Further remarks on the Nemitskii operator in Holder spaces",
    title_sort = "Further remarks on the Nemitskii operator in Holder spaces" }

@book{ André-AbrahamWeil,
    author_sort = "Weil, André-Abraham",
    author = "André-Abraham Weil",
    calibreid = "125",
    year = "1940",
    month = "Oct",
    publisher = "Hermann",
    title = "L'Intégration Dans Les Groupes Topologiques Et Ses Applications, Par André Weil",
    title_sort = "Intégration Dans Les Groupes Topologiques Et Ses Applications, Par André Weil, L'" }

@book{ LuigiAmbrosio,
    author_sort = "Ambrosio, Luigi \& Caffarelli, Luis A. \& Crandall, Michael G. \& Evans, Lawrence C. \& Fusco, Nicola \& Dacorogna, Bernard \& Marcellini, Paolo \& Mascolo, E.",
    author = "Luigi Ambrosio and Luis A. Caffarelli and Michael G. Crandall and Lawrence C. Evans and Nicola Fusco and Bernard Dacorogna and Paolo Marcellini and E. Mascolo",
    calibreid = "126",
    isbn = "",
    year = "2008",
    month = "Jan",
    publisher = "Springer",
    title = "Calculus of Variations and Nonlinear Partial Differential Equations: Lectures Given at the C.I.M.E. Summer School Held in Cetraro, Italy, June 27 - July 2, 2005",
    title_sort = "Calculus of Variations and Nonlinear Partial Differential Equations: Lectures Given at the C.I.M.E. Summer School Held in Cetraro, Italy, June 27 - July 2, 2005" }

@book{ HenryKissinger,
    author_sort = "Kissinger, Henry",
    author = "Henry Kissinger",
    calibreid = "142",
    isbn = "",
    year = "1994",
    month = "Jan",
    publisher = "Simon \& Schuster",
    title = "Diplomacy",
    title_sort = "Diplomacy" }

@book{ BruceEckel,
    author_sort = "Eckel, Bruce",
    author = "Bruce Eckel",
    calibreid = "144",
    isbn = "",
    year = "2000",
    month = "Mar",
    publisher = "Prentice Hall",
    title = "Thinking in C++: Introduction to Standard C++, Volume One",
    title_sort = "Thinking in C++: Introduction to Standard C++, Volume One" }

@book{ ЕвгенийМихайловичЛифшиц,
    author_sort = "Лифшиц, Евгений Михайлович \& Ландау, Лев Давидович",
    author = "Евгений Михайлович Лифшиц and Лев Давидович Ландау",
    calibreid = "145",
    isbn = "",
    year = "2008",
    month = "Oct",
    publisher = "Физматлит",
    title = "Physical Kinetics",
    title_sort = "Physical Kinetics" }

@book{ ЛевДавидовичЛандау,
    author_sort = "Ландау, Лев Давидович \& Лифшиц, Евгений Михайлович",
    author = "Лев Давидович Ландау and Евгений Михайлович Лифшиц",
    calibreid = "146",
    year = "1988",
    month = "Oct",
    publisher = "Изд-во {"}Наука{"}, Глав. ред. физико-математической лит-ры",
    title = "Механика",
    title_sort = "Механика" }

@book{ JamesClerkMaxwell,
    author_sort = "Maxwell, James Clerk",
    author = "James Clerk Maxwell",
    calibreid = "147",
    isbn = "",
    year = "2011",
    month = "Aug",
    publisher = "Nabu Press",
    title = "A Treatise on Electricity and Magnetism, Volume 2",
    title_sort = "Treatise on Electricity and Magnetism, Volume 2, A" }

@book{ R.Shankar,
    author_sort = "Shankar, R.",
    author = "R. Shankar",
    calibreid = "149",
    isbn = "",
    year = "1980",
    month = "Jan",
    publisher = "Springer",
    title = "Principles of Quantum Mechanics",
    title_sort = "Principles of Quantum Mechanics" }

@book{ ChiakiHara,
    author_sort = "Hara, Chiaki \& Segal, Ilya \& Tadelis, Steve \& Mas-Colell, Andreu",
    author = "Chiaki Hara and Ilya Segal and Steve Tadelis and Andreu Mas-Colell",
    calibreid = "150",
    isbn = "",
    year = "1997",
    month = "Oct",
    publisher = "Oxford University Press",
    title = "Solutions Manual for Microeconomic Theory: Mas-Colell, Whinston and Green",
    title_sort = "Solutions Manual for Microeconomic Theory: Mas-Colell, Whinston and Green" }

@book{ JeffreyRohaly,
    author_sort = "Rohaly, Jeffrey",
    author = "Jeffrey Rohaly",
    calibreid = "151",
    isbn = "",
    year = "2006",
    month = "Oct",
    publisher = "McGraw-Hill",
    title = "Solutions Manual to Accompany Advanced MacRoeconomics",
    title_sort = "Solutions Manual to Accompany Advanced MacRoeconomics" }

@book{ YvesBalasko,
    author_sort = "Balasko, Yves",
    author = "Yves Balasko",
    calibreid = "153",
    isbn = "",
    year = "2009",
    month = "Apr",
    publisher = "Mit Press",
    title = "The Equilibrium Manifold: Postmodern Developments in the Theory of General Economic Equilibrium",
    title_sort = "Equilibrium Manifold: Postmodern Developments in the Theory of General Economic Equilibrium, The" }

@book{ TrumanF.Bewley,
    author_sort = "Bewley, Truman F. \& Bewley, Truman F",
    author = "Truman F. Bewley and Truman F Bewley",
    calibreid = "154",
    isbn = "",
    year = "2007",
    month = "Feb",
    publisher = "Harvard University Press",
    title = "General Equilibrium, Overlapping Generations Models, and Optimal Growth Theory",
    title_sort = "General Equilibrium, Overlapping Generations Models, and Optimal Growth Theory" }

@book{ GrzegorzKlima,
    author_sort = "Klima, Grzegorz",
    author = "Grzegorz Klima",
    calibreid = "160",
    year = "2005",
    month = "Oct",
    publisher = "Narodowy Bank Polski. Departament Komunikacji Społecznej",
    title = "Programowanie Dynamiczne I Modele Rekursywne W Ekonomii: Zagadnienia Analityczne I Metody Numeryczne Z Przykładowymi Implementacjami W Je̜zyku Matlab/Octave",
    title_sort = "Programowanie Dynamiczne I Modele Rekursywne W Ekonomii: Zagadnienia Analityczne I Metody Numeryczne Z Przykładowymi Implementacjami W Je̜zyku Matlab/Octave" }

@book{ NancyL.Stokey,
    author_sort = "Stokey, Nancy L. \& Lucas, Robert E. Jr. \& Prescott, Edward C.",
    author = "Nancy L. Stokey and Robert E. Lucas Jr. and Edward C. Prescott",
    calibreid = "162",
    isbn = "",
    year = "1989",
    month = "Oct",
    publisher = "Harvard University Press",
    title = "Recursive Methods in Economic Dynamics",
    title_sort = "Recursive Methods in Economic Dynamics" }

@book{ ClaudioIrigoyen,
    author_sort = "Irigoyen, Claudio \& Rossi-Hansberg, Esteban \& Wright, Mark L. J \& Irigoyen, Claudio",
    author = "Claudio Irigoyen and Esteban Rossi-Hansberg and Mark L. J Wright",
    calibreid = "163",
    isbn = "",
    year = "2002",
    month = "Oct",
    publisher = "Harvard University Press",
    title = "Solutions Manual for Recursive Methods in Economic Dynamics",
    title_sort = "Solutions Manual for Recursive Methods in Economic Dynamics" }

@book{ DavidRicardo,
    author_sort = "Ricardo, David",
    author = "David Ricardo",
    calibreid = "164",
    isbn = "",
    year = "2005",
    month = "Jan",
    publisher = "Liberty Fund Inc.",
    title = "Notes on Malthus's Principles of Political Economy: Volume 2",
    title_sort = "Notes on Malthus's Principles of Political Economy: Volume 2" }

@book{ MartinJ.Osborne,
    author_sort = "Osborne, Martin J. \& Rubinstein, Ariel",
    author = "Martin J. Osborne and Ariel Rubinstein",
    calibreid = "165",
    isbn = "",
    year = "1994",
    month = "Jul",
    publisher = "Mit Press",
    title = "A Course in Game Theory",
    title_sort = "Course in Game Theory, A" }

@book{ LéonWalras,
    author_sort = "Walras, Léon",
    author = "Léon Walras",
    calibreid = "167",
    isbn = "",
    year = "2010",
    month = "Apr",
    publisher = "BiblioBazaar",
    title = "Théorie Mathématique De La Richesse Sociale",
    title_sort = "Théorie Mathématique De La Richesse Sociale" }

@book{ MichaelWickens,
    author_sort = "Wickens, Michael",
    author = "Michael Wickens",
    calibreid = "168",
    isbn = "",
    year = "2012",
    month = "Mar",
    publisher = "Princeton University Press",
    title = "MacRoeconomic Theory: A Dynamic General Equilibrium Approach",
    title_sort = "MacRoeconomic Theory: A Dynamic General Equilibrium Approach" }

@book{ MauriceObstfeld,
    author_sort = "Obstfeld, Maurice \& Rogoff, Kenneth S.",
    author = "Maurice Obstfeld and Kenneth S. Rogoff",
    calibreid = "169",
    isbn = "",
    year = "1996",
    month = "Sep",
    publisher = "The MIT Press",
    title = "Foundations of International MacRoeconomics",
    title_sort = "Foundations of International MacRoeconomics" }

@book{ PaulA.Samuelson,
    author_sort = "Samuelson, Paul A. \& Nordhaus, William D.",
    author = "Paul A. Samuelson and William D. Nordhaus",
    calibreid = "170",
    isbn = "",
    year = "1998",
    month = "Jan",
    publisher = "McGraw-Hill Companies",
    title = "Economics",
    title_sort = "Economics" }

@book{ DirkWerner,
    author_sort = "Werner, Dirk",
    author = "Dirk Werner",
    calibreid = "171",
    isbn = "",
    year = "1997",
    month = "Jan",
    publisher = "Springer",
    title = "Funktionalanalysis",
    title_sort = "Funktionalanalysis" }

@book{ JeanMawhin,
    author_sort = "Mawhin, Jean",
    author = "Jean Mawhin",
    calibreid = "172",
    year = "1999",
    month = "Oct",
    publisher = "Journal of the Juliusz Schauder Center",
    title = "Leray-Schauder degree: a half century of extensions and applications",
    title_sort = "Leray-Schauder degree: a half century of extensions and applications" }

@book{ Shu-HengChen,
    author_sort = "Chen, Shu-Heng",
    author = "Shu-Heng Chen",
    calibreid = "173",
    year = "2012",
    month = "Oct",
    publisher = "Journal of Economic Dynamics and Control",
    title = "Varieties of agents in agent-based computational economics A historical and an interdisciplinary perspective",
    title_sort = "Varieties of agents in agent-based computational economics A historical and an interdisciplinary perspective" }

@book{ RobertCauty,
    author_sort = "Cauty, Robert",
    author = "Robert Cauty",
    calibreid = "177",
    year = "2001",
    month = "Oct",
    publisher = "Fundamenta Mathematicae",
    title = "Solution du problème de point fixe de Schauder",
    title_sort = "Solution du problème de point fixe de Schauder" }

@book{ T.E.Lawrence,
    author_sort = "Lawrence, T. E.",
    author = "T. E. Lawrence",
    calibreid = "179",
    isbn = "",
    year = "2011",
    month = "Jan",
    publisher = "Wilder Publications",
    title = "Seven Pillars of Wisdom: A Triumph: The Complete 1922 Text",
    title_sort = "Seven Pillars of Wisdom: A Triumph: The Complete 1922 Text" }

@book{ BogusławKluge,
    author_sort = "Kluge, Bogusław \& Gambin, Anna \& Niemiro, Wojciech",
    author = "Bogusław Kluge and Anna Gambin and Wojciech Niemiro",
    calibreid = "180",
    year = "2009",
    month = "Oct",
    publisher = "Journal of Computational Biology",
    title = "Modeling Exopeptidase Activity from LC-MS Data",
    title_sort = "Modeling Exopeptidase Activity from LC-MS Data" }

@book{ AnnaGambin,
    author_sort = "Gambin, Anna \& Kluge, Bogusław",
    author = "Anna Gambin and Bogusław Kluge",
    calibreid = "181",
    year = "2010",
    month = "Nov",
    publisher = "Fundamenta Informaticae",
    title = "Modeling Proteolysis from Mass Spectroscometry Proteomic Data",
    title_sort = "Modeling Proteolysis from Mass Spectroscometry Proteomic Data" }

@book{ MartaŁuksza,
    author_sort = "Łuksza, Marta \& Kluge, Bogusaw \& Ostrowski, Jerzy \& Karczmarski, Jakub \& Gambin, Anna",
    author = "Marta Łuksza and Bogusaw Kluge and Jerzy Ostrowski and Jakub Karczmarski and Anna Gambin",
    calibreid = "183",
    year = "2012",
    month = "Oct",
    publisher = "Statistical Applications in Genetics and Molecular Biology",
    title = "Two-stage model-based clustering for liquid chromatography mass spectrometry data analysis",
    title_sort = "Two-stage model-based clustering for liquid chromatography mass spectrometry data analysis" }

@book{ AleksandrIakovlevichKhinchin,
    author_sort = "Khinchin, Aleksandr Iakovlevich",
    author = "Aleksandr Iakovlevich Khinchin",
    calibreid = "186",
    isbn = "",
    year = "1949",
    month = "Jun",
    publisher = "Dover Pubns",
    title = "Mathematical Foundations of Quantum Statistics",
    title_sort = "Mathematical Foundations of Quantum Statistics" }

@book{ JohnleCarre,
    author_sort = "Carre, John le",
    author = "John le Carre",
    calibreid = "188",
    isbn = "",
    year = "2010",
    month = "Jan",
    publisher = "Penguin Books",
    title = "Our Kind of Traitor: A Novel",
    title_sort = "Our Kind of Traitor: A Novel" }

@book{ JacksonJohnDavid,
    author_sort = "David, Jackson John",
    author = "Jackson John David",
    calibreid = "189",
    isbn = "",
    year = "1975",
    month = "Oct",
    publisher = "Wiley Eastern Limited",
    title = "Classical Electrodynamics",
    title_sort = "Classical Electrodynamics" }

@book{ JudeaPearl,
    author_sort = "Pearl, Judea",
    author = "Judea Pearl",
    calibreid = "190",
    isbn = "",
    year = "2000",
    month = "Mar",
    publisher = "Cambridge University Press",
    title = "Causality: Models, Reasoning, and Inference",
    title_sort = "Causality: Models, Reasoning, and Inference" }

@book{ PeterSpirtes,
    author_sort = "Spirtes, Peter \& Glymour, Clark \& Scheines, Richard",
    author = "Peter Spirtes and Clark Glymour and Richard Scheines",
    calibreid = "191",
    year = "2012",
    month = "Oct",
    publisher = "Mit Press",
    title = "Causation, Prediction, and Search, Second Edition (Adaptive Computation and Machine Learning)",
    title_sort = "Causation, Prediction, and Search, Second Edition (Adaptive Computation and Machine Learning)" }

@book{ DynareTeam,
    author_sort = "Dynare Team",
    author = "Dynare Team",
    calibreid = "193",
    year = "2012",
    month = "Nov",
    publisher = "Dynare Working Papers Series",
    title = "Dynare: reference manual version 4",
    title_sort = "Dynare: reference manual version 4" }

@book{ JamesF.Crow,
    author_sort = "Crow, James F. \& Kimura, Motoo",
    author = "James F. Crow and Motoo Kimura",
    calibreid = "194",
    isbn = "",
    year = "1970",
    month = "Jan",
    publisher = "Blackburn Press",
    title = "An Introduction to Population Genetics Theory",
    title_sort = "Introduction to Population Genetics Theory, An" }

@book{ CarlEdwardRasmussen,
    author_sort = "Rasmussen, Carl Edward \& Williams, Christopher K. I.",
    author = "Carl Edward Rasmussen and Christopher K. I. Williams",
    calibreid = "195",
    isbn = "",
    year = "2006",
    month = "Dec",
    publisher = "Mit Press",
    title = "Gaussian Processes for Machine Learning",
    title_sort = "Gaussian Processes for Machine Learning" }

@book{ NobuyukiIkeda,
    author_sort = "Ikeda, Nobuyuki \& Watanabe, Shinzo",
    author = "Nobuyuki Ikeda and Shinzo Watanabe",
    calibreid = "197",
    isbn = "",
    year = "1981",
    month = "Feb",
    publisher = "North-Holland",
    title = "Stochastic Differential Equations and Diffusion Processes",
    title_sort = "Stochastic Differential Equations and Diffusion Processes" }

@book{ CharlesJ.Geyer,
    author_sort = "Charles J. Geyer",
    author = "Charles J. Geyer",
    calibreid = "200",
    year = "2012",
    month = "Dec",
    publisher = "Unpublished.",
    title = "Markov Chain Monte Carlo Lecture Notes",
    title_sort = "Markov Chain Monte Carlo Lecture Notes" }

@book{ ChristinaS.Leslie,
    author_sort = "Christina S. Leslie \& Eleazar Eskin \& Adiel Cohen \& Jason Weston \& William Stafford Noble",
    author = "Christina S. Leslie and Eleazar Eskin and Adiel Cohen and Jason Weston and William Stafford Noble",
    calibreid = "201",
    year = "2012",
    month = "Dec",
    publisher = "Bioinformatics",
    title = "Mismatch string kernels for discriminative protein classification",
    title_sort = "Mismatch string kernels for discriminative protein classification" }

@book{ MaximeCrochmore,
    author_sort = "Crochmore, Maxime \& Rytter, Wojciech",
    author = "Maxime Crochmore and Wojciech Rytter",
    calibreid = "202",
    isbn = "",
    year = "1994",
    month = "Dec",
    publisher = "Maxime Crochemore",
    title = "Text Algorithms",
    title_sort = "Text Algorithms" }

@book{ RichardDawkins,
    author_sort = "Dawkins, Richard",
    author = "Richard Dawkins",
    calibreid = "206",
    isbn = "",
    year = "2007",
    month = "Mar",
    publisher = "Oxford University Press",
    title = "The Selfish Gene,3/Ed.",
    title_sort = "Selfish Gene,3/Ed., The" }

@book{ RichardYamarone,
    author_sort = "YAMARONE, RICHARD",
    author = "Richard Yamarone",
    calibreid = "213",
    isbn = "",
    year = "2004",
    month = "Jan",
    publisher = "Bloomberg Press",
    title = "The Trader's Guide to Key Economic Indicators",
    title_sort = "Trader's Guide to Key Economic Indicators, The" }

@article{ BM1,
    author_sort = "Błażej Miasojedow \& Eric Moulines \& Matti Vihola",
    author = "Błażej Miasojedow and Eric Moulines and Matti Vihola",
    calibreid = "216",
    year = "2013",
    month = "jan",
    publisher = "Arxive",
    title = "Adaptive Parallel Tempering Algorithm",
    title_sort = "Adaptive Parallel Tempering Algorithm" }


@article{ BM2,
author = {Miasojedow, Błażej and Moulines, Eric and Vihola, Matti},
title = {An Adaptive parallel tempering algorithm},
journal = {Journal of Computational and Graphical Statistics},
volume = {I},
number = {january},
pages = {CHECK IT SOMEWHERE},
year = {2013},
doi = {10.1080/10618600.2013.778779},

URL = {http://www.tandfonline.com/doi/abs/10.1080/10618600.2013.778779},
eprint = {http://www.tandfonline.com/doi/pdf/10.1080/10618600.2013.778779}
}

@article{ Jon,
author = "Jon L. Bentley",
title = "Multidimensional Divide-and-Conquer",
journal = "Communications of the ACM",
volume = "23",
number = "4",
pages = "214-229", 
year = "1980",
month = "apr"
}

@article{ NiVingron,
author = "Ni, Shengyu and Vingron, Martin",
title = "R2KS: A Novel Measure for Comparing Gene Expression Based on Ranked Gene Lists",
journal = "Journal of Computational Biology.",
volume = "19",
number = "6",
pages = "766-775", 
year = "2012"
}


@book{ JeffPotter,
    author_sort = "Potter, Jeff",
    author = "Jeff Potter",
    calibreid = "217",
    isbn = "",
    year = "2010",
    month = "Aug",
    publisher = "O'Reilly Media",
    title = "Cooking for Geeks: Real Science, Great Hacks, and Good Food",
    title_sort = "Cooking for Geeks: Real Science, Great Hacks, and Good Food" }

@book{ WeifengLiu,
    author_sort = "Liu, Weifeng \& Principe, Jose C. \& Haykin, Simon",
    author = "Weifeng Liu and Jose C. Principe and Simon Haykin",
    calibreid = "219",
    isbn = "",
    year = "2010",
    month = "Mar",
    publisher = "Wiley",
    title = "Kernel Adaptive Filtering: A Comprehensive Introduction",
    title_sort = "Kernel Adaptive Filtering: A Comprehensive Introduction" }

@book{ DavidApplebaum,
    author_sort = "Applebaum, David",
    author = "David Applebaum",
    calibreid = "221",
    year = "2009",
    month = "May",
    publisher = "Cambridge University Press",
    title = "Levy Processes and Stochastic Calculus",
    title_sort = "Levy Processes and Stochastic Calculus" }

@book{ AndreasE.Kyprianou,
    author_sort = "Kyprianou, Andreas E.",
    author = "Andreas E. Kyprianou",
    calibreid = "222",
    isbn = "",
    year = "2006",
    month = "Aug",
    publisher = "Springer",
    title = "Introductory Lectures on Fluctuations of Lévy Processes With Applications",
    title_sort = "Introductory Lectures on Fluctuations of Lévy Processes With Applications" }

@book{ LeoBreiman,
    author_sort = "Breiman, Leo",
    author = "Leo Breiman",
    calibreid = "223",
    isbn = "",
    year = "1968",
    month = "Jan",
    publisher = "SIAM",
    title = "Probability",
    title_sort = "Probability" }

@book{ AndreasE.Kyprianou,
    author_sort = "Kyprianou, Andreas E.",
    author = "Andreas E. Kyprianou",
    calibreid = "224",
    isbn = "",
    year = "2006",
    month = "Jan",
    publisher = "Springer",
    title = "Introductory Lectures on Fluctuations of Lévy Processes With Applications",
    title_sort = "Introductory Lectures on Fluctuations of Lévy Processes With Applications" }

@book{ OlavKallenberg,
    author_sort = "Kallenberg, Olav",
    author = "Olav Kallenberg",
    calibreid = "225",
    isbn = "",
    year = "1997",
    month = "Jan",
    publisher = "Springer",
    title = "Foundations of Modern Probability",
    title_sort = "Foundations of Modern Probability" }

@book{ MingLi,
    author_sort = "Li, Ming \& Vitányi, Paul M. B.",
    author = "Ming Li and Paul M. B. Vitányi",
    calibreid = "228",
    isbn = "",
    year = "1993",
    month = "Jan",
    publisher = "Springer",
    title = "An Introduction to Kolmogorov Complexity and Its Applications",
    title_sort = "Introduction to Kolmogorov Complexity and Its Applications, An" }

@book{ ThomasM.Cover,
    author_sort = "Cover, Thomas M. \& Thomas, Joy A.",
    author = "Thomas M. Cover and Joy A. Thomas",
    calibreid = "229",
    isbn = "",
    year = "1991",
    month = "Aug",
    publisher = "John Wiley \& Sons",
    title = "Elements of Information Theory",
    title_sort = "Elements of Information Theory" }

@book{ DonaldE.Knuth,
    author_sort = "Knuth, Donald E.",
    author = "Donald E. Knuth",
    calibreid = "232",
    isbn = "",
    year = "2005",
    month = "Feb",
    publisher = "Addison-Wesley Professional",
    title = "The Art of Computer Programming, Volume 1, Fascicle 1: MMIX -- a RISC Computer for the New Millennium",
    title_sort = "Art of Computer Programming, Volume 1, Fascicle 1: MMIX -- a RISC Computer for the New Millennium, The" }

@book{ DonaldE.Knuth,
    author_sort = "Knuth, Donald E.",
    author = "Donald E. Knuth",
    calibreid = "233",
    isbn = "",
    year = "1997",
    month = "Jan",
    publisher = "ADDISON WESLEY",
    title = "The Art of Computer Programming, Volume 2",
    title_sort = "Art of Computer Programming, Volume 2, The" }

@book{ DavidR.Kincaid,
    author_sort = "Kincaid, David R. \& Cheney, E. Ward",
    author = "David R. Kincaid and E. Ward Cheney",
    calibreid = "235",
    isbn = "",
    year = "1991",
    month = "Jan",
    publisher = "Brooks Cole",
    title = "Numerical Analysis: Mathematics of Scientific Computing",
    title_sort = "Numerical Analysis: Mathematics of Scientific Computing" }

@book{ PeterHall,
    author_sort = "Hall, Peter \& Heyde, C. C.",
    author = "Peter Hall and C. C. Heyde",
    calibreid = "236",
    isbn = "",
    year = "1980",
    month = "Jun",
    publisher = "Academic Pr",
    title = "Martingale Limit Theory and Its Application",
    title_sort = "Martingale Limit Theory and Its Application" }

@book{ RichardPhillipsFeynman,
    author_sort = "Feynman, Richard Phillips \& Leighton, Robert B. \& Sands, Matthew Linzee \& Gottlieb, Michael A.",
    author = "Richard Phillips Feynman and Robert B. Leighton and Matthew Linzee Sands and Michael A. Gottlieb",
    calibreid = "237",
    isbn = "",
    year = "1963",
    month = "Mar",
    publisher = "Basic Books",
    title = "The Feynman Lectures on Physics",
    title_sort = "Feynman Lectures on Physics, The" }

@book{ RichardP.Feynman,
    author_sort = "Feynman, Richard P. \& Leighton, Ralph \& Hutchings, Edward \& Hibbs, Albert R.",
    author = "Richard P. Feynman and Ralph Leighton and Edward Hutchings and Albert R. Hibbs",
    calibreid = "238",
    isbn = "",
    year = "1997",
    month = "Apr",
    publisher = "W. W. Norton \& Company",
    title = "Surely You're Joking, Mr. Feynman!",
    title_sort = "Surely You're Joking, Mr. Feynman!" }

@book{ RichardP.Feynman,
    author_sort = "Feynman, Richard P. \& Hey, Anthony",
    author = "Richard P. Feynman and Anthony Hey",
    calibreid = "239",
    isbn = "",
    year = "2000",
    month = "Jul",
    publisher = "Westview Press",
    title = "Feynman Lectures on Computation",
    title_sort = "Feynman Lectures on Computation" }

@book{ RodneyCotterill,
    author_sort = "Cotterill, Rodney",
    author = "Rodney Cotterill",
    calibreid = "240",
    isbn = "",
    year = "2009",
    month = "Jan",
    publisher = "Wiley-Blackwell",
    title = "Biophysics",
    title_sort = "Biophysics" }

@book{ F.Strocchi,
    author_sort = "Strocchi, F.",
    author = "F. Strocchi",
    calibreid = "241",
    isbn = "",
    year = "2008",
    month = "Oct",
    publisher = "World Scientific Publishing Company",
    title = "An Introduction to the Mathematical Structure of Quantum Mechanics: A Short Course for Mathematicians",
    title_sort = "Introduction to the Mathematical Structure of Quantum Mechanics: A Short Course for Mathematicians, An" }

@book{ PiotrDittwald,
    author_sort = "Piotr Dittwald",
    author = "Piotr Dittwald",
    calibreid = "242",
    year = "2013",
    month = "Mar",
    publisher = "American Society for Mass Spectrometry",
    title = "An efficient method to calculate the aggregated isotopic distribution and exact center-masses",
    title_sort = "An efficient method to calculate the aggregated isotopic distribution and exact center-masses" }

@book{ RisiKondor,
    author_sort = "Risi Kondor",
    author = "Risi Kondor",
    calibreid = "243",
    year = "2013",
    month = "Mar",
    publisher = "Columbia University",
    title = "Group theoretical methods in machine learning",
    title_sort = "Group theoretical methods in machine learning" }

@book{ NeilC.Jones,
    author_sort = "Jones, Neil C. \& Pevzner, Pavel A.",
    author = "Neil C. Jones and Pavel A. Pevzner",
    calibreid = "248",
    isbn = "",
    year = "2004",
    month = "Aug",
    publisher = "The MIT Press",
    title = "An Introduction to Bioinformatics Algorithms",
    title_sort = "Introduction to Bioinformatics Algorithms, An" }

@book{ GeorgeW.Evans,
    author_sort = "Evans, George W. \& Honkapohja, Seppo",
    author = "George W. Evans and Seppo Honkapohja",
    calibreid = "249",
    isbn = "",
    year = "2001",
    month = "Feb",
    publisher = "Princeton University Press",
    title = "Learning and Expectations in MacRoeconomics",
    title_sort = "Learning and Expectations in MacRoeconomics" }

@book{ JamesDouglasHamilton,
    author_sort = "Hamilton, James Douglas",
    author = "James Douglas Hamilton",
    calibreid = "253",
    year = "1994",
    month = "Jan",
    publisher = "Princeton University Press",
    title = "Time Series Analysis",
    title_sort = "Time Series Analysis" }

@book{ JoaquimP.MarquesdeSá,
    author_sort = "Sá, Joaquim P. Marques de",
    author = "Joaquim P. Marques de Sá",
    calibreid = "256",
    isbn = "",
    year = "2007",
    month = "Jul",
    publisher = "Springer",
    title = "Applied Statistics Using SPSS, STATISTICA, MATLAB and R",
    title_sort = "Applied Statistics Using SPSS, STATISTICA, MATLAB and R" }

@book{ RainerWinkelmann,
    author_sort = "Winkelmann, Rainer",
    author = "Rainer Winkelmann",
    calibreid = "259",
    isbn = "",
    year = "1997",
    month = "Jan",
    publisher = "Springer",
    title = "Econometric Analysis of Count Data",
    title_sort = "Econometric Analysis of Count Data" }

@book{ RainerWinkelmann,
    author_sort = "Winkelmann, Rainer \& Boes, Stefan",
    author = "Rainer Winkelmann and Stefan Boes",
    calibreid = "260",
    isbn = "",
    year = "2006",
    month = "Mar",
    publisher = "Springer",
    title = "Analysis of Microdata",
    title_sort = "Analysis of Microdata" }

@book{ ChristopheAndrieu,
    author_sort = "Christophe Andrieu \& Eric Moulines",
    author = "Christophe Andrieu and Eric Moulines",
    calibreid = "263",
    year = "101",
    month = "Jan",
    publisher = "Annals of Applied Probability",
    title = "On the Ergodicity Properties of some Adaptive MCMC algorithms",
    title_sort = "On the Ergodicity Properties of some Adaptive MCMC algorithms" }

@book{ ChristopheAndrieu,
    author_sort = "Christophe Andrieu \& Johannes Thoms",
    author = "Christophe Andrieu and Johannes Thoms",
    calibreid = "264",
    year = "2008",
    month = "Apr",
    publisher = "Statistical Computing",
    title = "A tutorial on adaptive MCMC",
    title_sort = "A tutorial on adaptive MCMC" }

@book{ JeffreyBanfield,
    author_sort = "Jeffrey Banfield \& Adrian Raftery",
    author = "Jeffrey Banfield and Adrian Raftery",
    calibreid = "269",
    year = "1992",
    month = "Mar",
    publisher = "Journal of the American Statistical Association",
    title = "Ice Floe Identification in Satellite Images Using Mathematical Morphology and Clustering About Principal Curves",
    title_sort = "Ice Floe Identification in Satellite Images Using Mathematical Morphology and Clustering About Principal Curves" }

@book{ GersendeFort,
    author_sort = "Gersende Fort \& Eric Moulines \& Pierre Priouret",
    author = "Gersende Fort and Eric Moulines and Pierre Priouret",
    calibreid = "271",
    year = "2011",
    month = "May",
    publisher = "The Annals of Statistics",
    title = "Convergence of adaptive and interacting Markov chain Monte Carlo algorithms",
    title_sort = "Convergence of adaptive and interacting Markov chain Monte Carlo algorithms" }

@book{ FamingLiang,
    author_sort = "Faming Liang \& Wing Hung Wong",
    author = "Faming Liang and Wing Hung Wong",
    calibreid = "272",
    year = "2001",
    month = "aug",
    publisher = "Journal of Chemical Physics",
    title = "Evolutionary Monte Carlo for protein folding simulations",
    volume = "115",
    number = "7",
    title_sort = "Evolutionary Monte Carlo for protein folding simulations" }

@book{ UlrichPaquet,
    author_sort = "Ulrich Paquet",
    author = "Ulrich Paquet",
    calibreid = "274",
    year = "2007",
    month = "Mar",
    publisher = "Wolfson COllege, University of Cambridge",
    title = "Bayesian Inference for Latent Variable Models",
    title_sort = "Bayesian Inference for Latent Variable Models" }

@book{ GuillaumeDesjardins,
    author_sort = "Guillaume Desjardins \& Aaron Courville \& Yoshua Bengio \& Pascal Vincent \& Olivier Delalleau",
    author = "Guillaume Desjardins and Aaron Courville and Yoshua Bengio and Pascal Vincent and Olivier Delalleau",
    calibreid = "275",
    year = "2010",
    month = "Apr",
    publisher = "Proceedings of the 13-th International Conference of Artificial Intelligence and Statistics",
    title = "Parallel Tempering for Training of Restricted Boltzmann Machines",
    title_sort = "Parallel Tempering for Training of Restricted Boltzmann Machines" }

@book{ RogerPenrose,
    author_sort = "Penrose, Roger",
    author = "Roger Penrose",
    calibreid = "278",
    isbn = "",
    year = "1999",
    month = "Mar",
    publisher = "Oxford University Press",
    title = "The Emperor's New Mind: Concerning Computers, Minds, and the Laws of Physics",
    title_sort = "Emperor's New Mind: Concerning Computers, Minds, and the Laws of Physics, The" }

@book{ JeremyM.Berg,
    author_sort = "Berg, Jeremy M. \& Tymoczko, John L. \& Stryer, Lubert",
    author = "Jeremy M. Berg and John L. Tymoczko and Lubert Stryer",
    calibreid = "279",
    isbn = "",
    year = "2007",
    month = "jan",
    publisher = "W. H. Freeman",
    title = "Lecture Notebook for Biochemistry",
    title_sort = "Lecture Notebook for Biochemistry" }

@book{ RobertSwendsen,
    author_sort = "Robert Swendsen",
    author = "Robert Swendsen and Jian-Sheng Wang",
    calibreid = "281",
    year = "1986",
    month = "nov",
    journal = "Physical Review Letters",
    title = "Replica Monte Carlo Simulation of Spin-Glasses, Parallel Tempering",
    title_sort = "Replica Monte Carlo Simulation of Spin-Glasses, Parallel Tempering" }

@book{ MeiliBaragatti,
    author_sort = "Meili Baragatti",
    author = "Meili Baragatti",
    calibreid = "283",
    year = "2011",
    month = "nov",
    journal = "Aix Marseille Universite",
    title = "Selection bayesienne de variables et methodes de type Parallel Tempering avec et sans vraisemblance",
    title_sort = "Selection bayesienne de variables et methodes de type Parallel Tempering avec et sans vraisemblance" }

@article{ BaragattiLikelihoodFreeParallelTempering,
    author_sort = "Meili Baragatti",
    author = {Baragatti, Me\"ili and Grimaud, Agnès and Pommeret, Denys},
    year = "2012",
    month = "apr",
    journal = "Arxive",
    title = "Likelihood Free Parallel Tempering"
}

@article{ BaragattiParallelTemperingWithEquiEnergyMoves,
    author = {Baragatti, Me\"ili and Grimaud, Agnès and Pommeret, Denys},
    year = "2013",
    month = "may",
    journal = "Statistics and Computing",
    title = "Parallel Tempering with equi-energy moves",
    volume = "23",
    number = "3",
    pages = "323-339"
}

@book{ LukeBornn,
    author_sort = "Luke Bornn \& Pierre Jacob \& Pierre Del Moral \& Arnaud Doucet",
    author = "Luke Bornn and Pierre Jacob and Pierre Del Moral and Arnaud Doucet",
    calibreid = "284",
    year = "2012",
    month = "Jun",
    publisher = "Arxive",
    title = "An Adaptive Interacting Wang-Landau Algorithm for Automatic Density Exploration. Parallel Tempering.",
    title_sort = "Adaptive Interacting Wang-Landau Algorithm for Automatic Density Exploration, An" }

@book{ DanielL.Hartl,
    author_sort = "Hartl, Daniel L. \& Clark, Andrew G.",
    author = "Daniel L. Hartl and Andrew G. Clark",
    calibreid = "291",
    isbn = "",
    year = "1980",
    month = "Jan",
    publisher = "Sinauer Associates, Inc.",
    title = "Principles of Population Genetics",
    title_sort = "Principles of Population Genetics" }

@book{ ArnaudLeRouzic,
    author_sort = "Rouzic, Arnaud Le \& Payen, Thibaut \& Hua-Van, Aurelie",
    author = "Arnaud Le Rouzic and Thibaut Payen and Aurelie Hua-Van",
    calibreid = "292",
    year = "2012",
    month = "Dec",
    publisher = "Genome Biology and Evolution",
    series = "5(1): 77-86",
    title = "Reconstructing the Evolutionary History of Transposable Elements",
    title_sort = "Reconstructing the Evolutionary History of Transposable Elements" }

@book{ Jean-RénéBarra,
    author_sort = "Jean-Réné Barra",
    author = "Jean-Réné Barra",
    calibreid = "305",
    year = "1971",
    month = "Jun",
    publisher = "Dunod",
    title = "Notions Fondamentales De Statistique Mathématique",
    title_sort = "Notions Fondamentales De Statistique Mathématique" }

@book{ WarrenJ.Ewens,
    author_sort = "Ewens, Warren J. \& Grant, Gregory R.",
    author = "Warren J. Ewens and Gregory R. Grant",
    calibreid = "306",
    isbn = "",
    year = "2002",
    month = "Jan",
    publisher = "Springer",
    title = "Statistical Methods in Bioinformatics: An Introduction",
    title_sort = "Statistical Methods in Bioinformatics: An Introduction" }

@book{ Anonymous,
    author_sort = "Anonymous \& George, Andrew",
    author = "Anonymous and Andrew George",
    calibreid = "307",
    isbn = "",
    year = "1884",
    month = "Jan",
    publisher = "Penguin Classics",
    title = "The Epic of Gilgamesh",
    title_sort = "Epic of Gilgamesh, The" }

